@article{Warren1890,
    author = {Warren, Samuel D and Brandeis, Louis D},
    journal = {Harvard Law Review},
    number = {5},
    pages = {193--220},
    title = {{The Right to Privacy}},
    volume = {4},
    year = {1890}
}

